% This file was created with JabRef 2.10.
% Encoding: UTF-8


@Article{Albuquerque:2001,
  Title                    = {Processamento de imagens: métodos e análises},
  Author                   = {Albuquerque, M.P. and Albuquerque, M.P.},
  Journal                  = {Revista de Ciência e Tecnologia},
  Year                     = {2001},
  Note                     = {Centro Brasileiro de Pesquisas Fısicas MCT},
  ISSN                     = {1519-8022},
  Numpages                 = {6},
  Address = {Rio de Janeiro},
  Pages = {10--22},
  Publisher                = {FaCET},
  Volume = {1},
  Number = {1}
  
}

@Book{Gonzalez:2008,
	Title                    = {Digital Image Processing},
	Author                   = {Gonzalez, R.C. and Woods, R.E.},
	Publisher                = {Pearson/Prentice Hall},
	Year                     = {2008},
	
	ISBN                     = {9780131687288},
	Lccn                     = {2009289249},
	Url                      = {https://books.google.com.br/books?id=8uGOnjRGEzoC}
}

@Book{Azevedo:2003,
	Title                    = {Computação Gráfica: Geração de Imagens},
	Author                   = {Azevedo, E. and Conci A. },
	Publisher                = {Elsevier},
	Year                     = {2003},
	ISBN                     = {9878535212525}
}

@MastersThesis{Nascimento:2007,
	Title                    = {Detecção de Objetos em Imagens},
	Author                   = {Maíra Carneiro Nascimento},
	  School                   = {Centro de Informática, Universidade Federal de Pernambuco},
	  ,
	Year                     = {2007},
	Type                     = {Trabalho de Graduação},
	
	Owner                    = {schirrel},
	Timestamp                = {2016.03.28},
		Url                      = {www.cin.ufpe.br/~tg/2007-2/mcn2.doc}
}

@Article{Roth:2008,
	Title                    = {Survey of appearance-based methods for object recognition},
	Author                   = {Roth, Peter M and Winter, Martin},
	Journal                  = {Inst. for Computer Graphics and Vision, Graz University of Technology, Austria, Technical Report ICGTR0108 (ICG-TR-01/08)},
	Year                     = {2008}
}

@InCollection{AmitFelzenszwalb:2014,
	Title                    = {Object Detection},
	Author                   = {Yali Amit and Pedro Felzenszwalb},
	Booktitle                = {Computer Vision, A Reference Guide},
	Publisher                = {Springer},
	Year                     = {2014},
	
	Address                  = {New York, NY, USA},
	Editor                   = {Katsushi Ikeuchi},
	Pages                    = {537--542},
	Volume                   = {2},
	
	Owner                    = {schirrel},
	Timestamp                = {2016.03.28}
}

@InProceedings{Viola:2001,
	Title                    = {Rapid object detection using a boosted cascade of simple features},
	Author                   = {Viola, Paul and Jones, Michael},
	Booktitle                = {Computer Vision and Pattern Recognition, 2001. CVPR 2001. Proceedings of the 2001 IEEE Computer Society Conference on},
	Year                     = {2001},
	Organization             = {IEEE},
	Pages                    = {I--511},
	Volume                   = {1}
}
@InProceedings{Ulusoy:2005,
	Title                    = {Generative Versus Discriminative Methods for Object Recognition},
	Author                   = {Ulusoy, Ilkay and Bishop, Christopher M.},
	booktitle={Computer Vision and Pattern Recognition, 2005. CVPR 2005. IEEE Computer Society Conference on},
	Year                     = {2005},
	Address                  = {Washington, DC, USA},
	Pages                    = {258--265},
	Publisher                = {IEEE Computer Society},
	Series                   = {CVPR},
	Acmid                    = {1069094},
	Doi                      = {10.1109/CVPR.2005.167},
	ISBN                     = {0-7695-2372-2},
	Numpages                 = {8},
	Url                      = {http://dx.doi.org/10.1109/CVPR.2005.167}
}
@MastersThesis{Souto:2003,
	Title                    = {Segmentação de imagem multiespectral utilizando-se o atributo matiz},
	Author                   = {Roberto Pinto Souto},
	School                   = {INPE},
	Year                     = {2003},
	
	Address                  = {São José dos Campos},
	Type                     = {Dissertação de Mestrado},
	
	Owner                    = {schirrel},
	Timestamp                = {2016.03.28}
}


@article{Rocha:2010,
		volume={3},
		Title                    = {Cor luz, cor pigmento e os sistemas RGB e CMY},
		Author                   = {João Carlos Rocha},
		Journal                  = {Revista Belas, Centro Universitário Belas Artes de Sao Paulo},
		Year                     = {2010},
		Url = {http://www.belasartes.br/revistabelasartes/downloads/artigos/3/cor-luz-cor-pigmento-e-os-sistemas-rgb-e-cmy.pdf}
}

@InCollection{Leao:2005,
	Title                    = {Implementação de sistema de gerenciamento de cores para imagens digitais},
	Author                   = {Alexandre Cruz Leão and Arnaldo de Albuquerque Araújo and Luiz Antônio Cruz Souza},
	Booktitle                = {Web e multimídia: desafios e soluções},
	Publisher                = {PUC Minas},
	Year                     = {2005},
	Editor                   = {Augusto Camillo Teixeira and  Eduardo Barrére and Iran Calixto Abrão},
	
	Owner                    = {schirrel},
	Timestamp                = {2016.03.28}
}

@InProceedings{Martins:2007,
	Title = {A Versão 2007 da Equipe POTI de Futebol de Robôs},
	Author  = {Martins, D. L. and Mendes, E. P. and Lins, F. C. A. and Araújo, M. V. d. and Medeiros, A. A. D. and Alsina, P. J.},
	Booktitle                = {Team Description Paper. Competi{\c{c}}ao Brasileira de Rob{\'o}tica, Florianópolis, Brasil},
	Year                     = {2007}
}

@InProceedings{Mendes:2008,
	Title                    = {Sistema de Localização Visual da Equipe de Futebol de Robôs {POTI-UFRN} (versao 2008) na Categoria Very Small Size},
	Author                   = {Mendes, Ellon P. and Medeiros, Adelardo A. D.},
	Booktitle                = {Team Description Paper: Competição Brasileira de Robótica },
	Address = {Salvador, Brasil},
	Year                     = {2008}
}

@InProceedings{Culjak:2012,
	author={I. Culjak and D. Abram and T. Pribanic and H. Dzapo and M. Cifrek},
	booktitle={MIPRO, 2012 Proceedings of the 35th International Convention},
	title={A brief introduction to OpenCV},
	year={2012},
	pages={1725-1730},
	keywords={C++ language;computer vision;public domain software;software libraries;C++ interface;Intel;OpenCV;image analysis;image processing;library developments;open source computer vision;open source library;video analysis;Cameras;Computer vision;Detectors;Histograms;Image edge detection;Libraries;Low pass filters},
	month={May}}

@InCollection{Stroustrup:1996,
	Title                    = {A history of C++: 1979--1991},
	Author                   = {Bjarne Stroustrup},
	Booktitle                = {History of programming languages --- II},
	Publisher                = {Addison-Wesley},
	Year                     = {1996},
	Editor                   = {Thomas J. Bergin and Richard G. Gibson},
	Owner                    = {schirrel},
	Timestamp                = {2016.03.28}
}


@Electronic {ImagensHSLHSVRGB,
	Author = {Michael Horvath}
	Title = {Imagens HSV, HSL e RGB},
	URL ={http://isometricland.net/artwork/artwork.php},
	Yeah = {2008}
	
	}
		
	@article{Canny:1986,
		author={John Canny},
		journal={IEEE Transactions on Pattern Analysis and Machine Intelligence},
		title={A Computational Approach to Edge Detection},
		year={1986},
		volume={PAMI-8},
		number={6},
		pages={679-698},
		keywords={Detectors;Feature extraction;Gaussian approximation;Image edge detection;Machine vision;Performance analysis;Shape measurement;Signal synthesis;Signal to noise ratio;Uncertainty;Edge detection;feature extraction;image processing;machine vision;multiscale image analysis},
		doi={10.1109/TPAMI.1986.4767851},
		ISSN={0162-8828},
		month={Nov}}
	
	@article{Wangenheim:2014,
		title={VON. Encontrando a Linha Divis{\'o}ria: Detec{\c{c}}{\~a}o de Borda},
		author={WANGENHEIM, A},
		journal={Departamento de Inform{\'a}tica e Estat{\'\i}stica-Universidade Federal de Santa Catarina, 2013a},
		volume={16},
		Url = {www.inf.ufsc.br/~visao/bordas.pdf}
		year={2014}
	}
		
	@InCollection{Vale:2002,
		Title                    = {O Processo de Detecção de Bordas de Canny: Fundamentos, ALgoritmos e Avaliação Exeperimental},
		Author                   = {Giovane Maia do Vale and Aluir Porfírio Dal Poz},
		Booktitle                = {Simpósio Brasileiro de Geomática},
		Pages={292-303},
		Year                     = {2002},
		Editor                   = {Thomas J. Bergin and Richard G. Gibson},
		Owner                    = {schirrel},
		Timestamp                = {2016.03.28}
	}
	@Electronic{UFRN,
		Title                    = {História da Estatística},
		Author                   = {Universidade Federal do Rio Grande do Norte},
		Note                     = {Acessado 31/03/2016 14:50},
		Url                      = {http://www.estatistica.ccet.ufrn.br/historia.php},
		
		Owner                    = {schirrel},
		Timestamp                = {2016.03.31}
	}
	
	@Book{Spiegel:1974,
		Title                    = {Estatística},
		Author                   = {Murray Ralph Spiegel},
		Editor                   = {Instituto Nacional do Livro},
		Publisher                = {McGraw-Hill do Brasil},
		Year                     = {1974}
	}
	
	@Electronic{TabelaUFF,
		Title                    = {Tabela T: Distribuição de t-Student segundo os graus de liberdade e uma dada
		probabilidade num teste bicaudal},
		Author                   = {Universidade Federal Fluminense},
		Note                     = {Epidemiologia, curso de Medicina, Acessado 01/04/2016 10:00},
		Url                      = {http://www.epi.uff.br/wp-content/uploads/2015/05/Tabela-T.pdf},
		
		Owner                    = {schirrel},
		Timestamp                = {2016.03.31}
	}
	
	@article{Penharbel:2004,
	  title={Filtro de imagem baseado em matriz RGB de cores-padr{\~a}o para futebol de rob{\^o}s},
	  author={Penharbel, Eder A and Destro, R and Tonidandel, Flavio and Bianchi, Reinaldo AC},
	  journal={Submetido ao I Encontro de Rob{\'o}tica Inteligente},
	  year={2004}
	}
	
	@article{PenharbelTime,
	  title={Time de Futebol de Rob{\^o}s Y04 do Centro Universit{\'a}rio da FEI},
	  author={Penharbel, Eder A and Martins, Murilo F and Fazolin, Alexandre and Gurzoni Jr, Jos{\'e} Angelo and Eduardo, Helbert and Debia, Thiago and Pereira, Valquiria F and Destro, Ricardo C and Tonidandel, Flavio and Bianchi, Reinaldo AC}
	}
	@article{Costa:2000,
	  title={Construindo rob{\^o}s aut{\^o}nomos para partidas de futebol: o time guaran{\'a}},
	  author={Costa, Anna Helena Reali and Pegoraro, Ren{\^e}},
	  journal={SBA Controle \& Automa{\c{c}}{\~a}o},
	  volume={11},
	  number={03},
	  pages={141--149},
	  year={2000}
	}
	
	@article{Kitano:1997,
	  title={RoboCup: A challenge problem for AI},
	  author={Kitano, Hiroaki and Asada, Minoru and Kuniyoshi, Yasuo and Noda, Itsuki and Osawa, Eiichi and Matsubara, Hitoshi},
	  journal={AI magazine},
	  volume={18},
	  number={1},
	  pages={73},
	  year={1997}
	}
	
	@MastersThesis{Rosa:2015,
		Title                    = {Construção de um time de futebol de robôs para a categoria IEEE Very Small Size Soccer},
		Author                   = {Johnathan Fercher da Rosa},
		  School                   = {FACULDADE DEE DUCAÇÃO TECNOLÓGICA DO ESTADO DO RIO DE JANEIRO},
		  ,
		Year                     = {2015},
		Type                     = {Trabalho de Conclusão de Curso},
			Url                      = {http://docplayer.com.br/11866286-Construcao-de-um-time-de-futebol-de-robos-para-a-categoria-ieee-very-small-size-soccer.html}
	}
	
		@InProceedings {VSSVision,
			Author = {SIRLab}
			Title = {Imagens HSV, HSL e RGB},
			URL ={https://github.com/SIRLab/VSS-Vision/wiki},
			Note                     = {Acessado 06/06/2016 14:50}
			
		}
		
		
			@Electronic{QCustomPlot,
				Title                    = {QCustomPlot},
				Author                   = {Emanuel Eichhammer},
				Note                     = {Acessado 28/06/2016 22:09},
				Url                      = {http://qcustomplot.com/},
				
				Owner                    = {schirrel},
				Timestamp                = {2016.03.31}
			}


			@Electronic{OpenCV,
				Title                    = {OpenCV},
				Author                   = {itseez},
				Note                     = {Acessado 29/06/2016 16:53},
				Url                      = {http://docs.opencv.org/3.1.0/},
				
				Owner                    = {schirrel},
				Timestamp                = {2016.03.31}
			}
			